<record><leader>00000cas a22000007a 4500</leader><controlfield tag="001">27194618</controlfield><controlfield tag="008">930104d19581958nmuwr ne      0    0eng d</controlfield><datafield ind1=" " ind2=" " tag="010"><subfield code="a">sn 93061571 </subfield></datafield><datafield ind1=" " ind2=" " tag="040"><subfield code="a">NVM</subfield><subfield code="b">eng</subfield><subfield code="c">NVM</subfield><subfield code="d">OCLCQ</subfield></datafield><datafield ind1=" " ind2=" " tag="042"><subfield code="a">msc</subfield></datafield><datafield ind1=" " ind2=" " tag="043"><subfield code="a">n-us-nm</subfield></datafield><datafield ind1="0" ind2="0" tag="245"><subfield code="a">Tularosa shopping guide.</subfield></datafield><datafield ind1=" " ind2=" " tag="260"><subfield code="a">[Tularosa, N.M. :</subfield><subfield code="b">s.n.]</subfield></datafield><datafield ind1=" " ind2=" " tag="300"><subfield code="a">v.</subfield></datafield><datafield ind1=" " ind2=" " tag="310"><subfield code="a">Weekly</subfield></datafield><datafield ind1="0" ind2=" " tag="362"><subfield code="a">Vol. 1, no. 1 (Oct. 16, 1958).</subfield></datafield><datafield ind1=" " ind2=" " tag="530"><subfield code="a">Also on microfilm: El Paso, Tex. : Southwest Micropulbishing, Inc.</subfield></datafield><datafield ind1=" " ind2="4" tag="651"><subfield code="a">Tularosa (N.M.)</subfield><subfield code="v">Newspapers.</subfield></datafield><datafield ind1=" " ind2="4" tag="651"><subfield code="a">Otero County (N.M.)</subfield><subfield code="v">Newspapers.</subfield></datafield><datafield ind1=" " ind2=" " tag="752"><subfield code="a">United States</subfield><subfield code="b">New Mexico</subfield><subfield code="c">Otero</subfield><subfield code="d">Tularosa.</subfield></datafield><datafield ind1="0" ind2="0" tag="785"><subfield code="t">Tularosa tribune (Tularosa, N.M. : 1958)</subfield><subfield code="w">(DLC)sn 93061570</subfield></datafield></record>